<?xml version="1.0" encoding="UTF-8"?><collection xmlns="http://www.loc.gov/MARC21/slim"><record><leader>00387nam--2200145-i-4500</leader><controlfield tag="001">000050004</controlfield><controlfield tag="002">20161230</controlfield><controlfield tag="005">20161230201047</controlfield><controlfield tag="008">060222s1000------------r-----000-0-eng-d</controlfield><datafield ind1=" " ind2=" " tag="080"><subfield code="a">517.53.55</subfield></datafield><datafield ind1=" " ind2=" " tag="100"><subfield code="a">Badalian,G.V</subfield></datafield><datafield ind1=" " ind2=" " tag="245"><subfield code="a">Kvazistepennoi riad i kvazianaliticheskie klassy funkcii</subfield></datafield><datafield ind1=" " ind2=" " tag="260"><subfield code="a">Moskva, Nauka, 1990. 208 S</subfield></datafield><datafield ind1=" " ind2=" " tag="852"><subfield code="a">79434</subfield><subfield code="c">517.5</subfield></datafield><datafield ind1=" " ind2=" " tag="CAT"><subfield code="a">Sys</subfield><subfield code="c">20080813</subfield><subfield code="h">085852</subfield></datafield></record></collection>